% Encoding: UTF-8

@Article{AritcleName,
  author    = {XXXX},
  journal   = {XXXX},
  title     = {XXXX},
  year      = {XXXX},
  number    = {XXXX},
  pages     = {XXXX},
  volume    = {XXXX},
  publisher = {XXXX},
}

@Comment{jabref-meta: databaseType:bibtex;}
